@inproceedings{chaum1983blind,
  title={Blind signatures for untraceable payments},
  author={Chaum, David},
  booktitle={Advances in cryptology},
  pages={199--203},
  year={1983},
  organization={Springer}
}
@inproceedings{chaum1990untraceable,
  title={Untraceable electronic cash},
  author={Chaum, David and Fiat, Amos and Naor, Moni},
  booktitle={Proceedings on Advances in cryptology},
  pages={319--327},
  year={1990},
  organization={Springer-Verlag New York, Inc.}
}
@inproceedings{shelat2002makes,
  title={What makes people trust online gambling sites?},
  author={Shelat, Bhiru and Egger, Florian N},
  booktitle={CHI'02 Extended Abstracts on Human Factors in Computing Systems},
  pages={852--853},
  year={2002},
  organization={ACM}
}
@misc{nakamoto2008bitcoin,
  title={Bitcoin: A peer-to-peer electronic cash system},
  author={Nakamoto, Satoshi},
  year={2008}
}
@article{griffiths2008internet,
  title={Internet gambling: An online empirical study among student gamblers},
  author={Griffiths, Mark and Barnes, Andrew},
  journal={International Journal of Mental Health and Addiction},
  volume={6},
  number={2},
  pages={194--204},
  year={2008},
  publisher={Springer}
}
@article{griffiths2010crime,
  title={Crime and gambling: a brief overview of gambling fraud on the Internet.},
  author={Griffiths, MD},
  journal={Internet journal of criminology},
  year={2010},
  publisher={New University Press}
}
@article{mcmullan2010online,
  title={Online crime and internet gambling},
  author={McMullan, John L and Rege, Aunshul},
  journal={Journal of Gambling Issues},
  pages={54--85},
  year={2010},
  publisher={Centre for Addiction and Mental Health}
}
@online{bcentraleuro,
  author = {Europen Central Bank},
  title = {{Virtual Currency Schemes}},
  year = 2012,
  url = {https://www.ecb.europa.eu/pub/pdf/other/virtualcurrencyschemes201210en.pdf},
  urldate = {2017-01-03}
}
@book{brito2013bitcoin,
  title={Bitcoin: A primer for policymakers},
  author={Brito, Jerry and Castillo, Andrea},
  year={2013},
  publisher={Mercatus Center at George Mason University}
}
@inproceedings{andrychowicz2014secure,
  title={Secure multiparty computations on bitcoin},
  author={Andrychowicz, Marcin and Dziembowski, Stefan and Malinowski, Daniel and Mazurek, Lukasz},
  booktitle={Security and Privacy (SP), 2014 IEEE Symposium on},
  pages={443--458},
  year={2014},
  organization={IEEE}
}
@article{gainsbury2015risky,
  title={How risky is Internet gambling? A comparison of subgroups of Internet gamblers based on problem gambling status},
  author={Gainsbury, Sally M and Russell, Alex and Wood, Robert and Hing, Nerilee and Blaszczynski, Alex},
  journal={New Media \& Society},
  volume={17},
  number={6},
  pages={861--879},
  year={2015},
  publisher={Sage Publications Sage UK: London, England}
}